<record><leader>00000cas a2200000 a 4500</leader><controlfield tag="001">12794568</controlfield><controlfield tag="008">851114d18851888ksuwr ne      0    0eng d</controlfield><datafield ind1=" " ind2=" " tag="010"><subfield code="a">sn 85067131 </subfield></datafield><datafield ind1=" " ind2=" " tag="040"><subfield code="a">KSH</subfield><subfield code="b">eng</subfield><subfield code="c">KSH</subfield><subfield code="d">NPT</subfield><subfield code="d">OCL</subfield><subfield code="d">OCLCQ</subfield></datafield><datafield ind1=" " ind2=" " tag="042"><subfield code="a">msc</subfield></datafield><datafield ind1="0" ind2=" " tag="130"><subfield code="a">North Topeka news (North Topeka, Kan. : 1885)</subfield></datafield><datafield ind1="1" ind2="4" tag="245"><subfield code="a">The North Topeka news.</subfield></datafield><datafield ind1=" " ind2=" " tag="260"><subfield code="a">North Topeka, Kan. :</subfield><subfield code="b">T.K. Rockwood &amp; Co.,</subfield><subfield code="c">1885-1888.</subfield></datafield><datafield ind1=" " ind2=" " tag="300"><subfield code="a">3 v. ;</subfield><subfield code="c">56 cm.</subfield></datafield><datafield ind1=" " ind2=" " tag="310"><subfield code="a">Weekly</subfield></datafield><datafield ind1="0" ind2=" " tag="362"><subfield code="a">Vol. 1, no. 1 (Oct. 17, 1885)-v. 3, no. 7 (Dec. 21 [i.e. 22], 1888).</subfield></datafield><datafield ind1=" " ind2=" " tag="500"><subfield code="a">Published by Kansas News Co., Nov. 10-Dec. 22, 1888.</subfield></datafield><datafield ind1=" " ind2=" " tag="515"><subfield code="a">Numbering is irregular.</subfield></datafield><datafield ind1=" " ind2=" " tag="752"><subfield code="a">United States</subfield><subfield code="b">Kansas</subfield><subfield code="c">Shawnee</subfield><subfield code="d">Topeka.</subfield></datafield><datafield ind1="0" ind2="0" tag="785"><subfield code="t">Topeka news (Topeka, Kan. : 1888)</subfield><subfield code="w">(DLC)sn 85067142</subfield></datafield><datafield ind1="1" ind2=" " tag="029"><subfield code="a">AU@</subfield><subfield code="b">000022171126</subfield></datafield></record>